% -------------------------------------------
%---------------------------------------------------------- Bibliography
% -----------------------------------------------  Books
%
% ------------------------------------------------------------------------
@book{born2005principles,
	edition = {7},
	title = {Principle of Optics: Electromagnetic Theory of Propagation, Intergerence and Diffraction of Light},
	publisher = {Cambridge University Press},
	author = {Born, Max and Emil, Wolf},
	year = {2005}
}

@book{tsang2000scattering,
  title={Scattering of electromagnetic waves: theories and applications},
  author={Tsang, Leung and Kong, Jin Au and Ding, Kung-Hau},
  year={2000},
  publisher={John Wiley \& Sons}
}

@book{ashcroft1976solid,
  author = 	 {N.W. Ashcroft and N.D. Mermin},
  title = 	 {{Solid State Physics}},
  publisher = 	 {Saunders College},
  year = 	 1976,
  address = 	 {Philadelphia}
}

@book{hecht1998optics,
  title={Optics},
  author={Hecht, Eugene},
  publisher={Addison Wesley},
  year={1998},
  edition={4}
  }

@book{maier2007plasmonics,
  title={Plasmonics: fundamentals and applications},
  author={Maier, Stefan Alexander},
  year={2007},
  publisher={Springer Science \& Business Media}
}

@book{bohren1998absorption,
  title={Absorption and scattering of light by small particles},
  author={Bohren, Craig F and Huffman, Donald R},
  year={1998},
  publisher={John Wiley \& Sons}
}

@book{ibach2003solid,
  title={Solid-state physics: an introduction to principles of material science},
  author={Ibach, Harald and L{\"u}th, Hans},
  year={2003},
  publisher={Springer}
}


@book{hulst1981light,
  title={Light scattering by small particles},
  author={ van de Hulst, Hendrik C},
  year={1981},
  publisher={Dover Publications}
}

@book{landau1960electro,
  title={Course of theoretical physics, vol. 8: Electrodynamics of continuous},
  author={Landau, Lev Davidovuch and Lifshitz, Evgeny Mikhailovich},
  year={1960},
  publisher={Pergamon Press}
}

@book{novotny2006principles,
  title={Principles of nano-optics},
  author={Novotny, Lukas and Hecht, Bert},
  year={2006},
  publisher={Cambridge university press}
}

@book{kreibig1995clusters,
  title={Optical Properties of Metal Clusters},
  author={Kreibig, Uwe and Vollmer, Michael},
  year={1995},
  publisher={Springer}
}

@book{arfken2001methods,
  title={Mathematical methods for physicists},
  author={Arfken, George Brown and Weber, Hans J},
  year={2001},
  publisher={Harcourt Academic Press}
}

@book{griffiths2013electrodynamics,
  title={Introduction to electrodynamics},
  author={Griffiths, David Jeffrey},
  year={2013},
  edition={4$^\circ$},
  publisher={Pearson}
}

@book{sihvola1999mixing,
  title={Electromagnetic mixing formulas and applications},
  author={Sihvola, Ari},
  number={47},
  year={1999},
  publisher={Iet}
}

@book{jackson1999electrodynamics,
  title={Classical electrodynamics},
  author={Jackson, John David},
  year={1999},
  publisher={John Wiley \& Sons},
  edition = {3$^\circ$}
} 

@book{reitz1993foundations,
  title={Foundations of Electromagnetic Teory},
  author={Reitz, John R. and Milford, Frederick J. and Christy, Robert W},
  year={1993},
publisher={Addison-Wesley Pub. Co.},
  edition = {4}
}

@book{purcell2011electricity,
 title={Electricity and Magnetism},
 author={Purcell, Edward M.},
 year={2011},
 publisher={Cambridge University Press}
}

@book{yu2010fundamentals,
 title={Fundamentals of semiconductors. Physics and materials properties},
 author={Yu, Peter Y. and Cardona, Manuel},
 year={2010},
 publisher={Springer},
 edition={4},
} 

@book{kittel1996introduction,
 title={Introduction to Solid State Physics},
 author={Kittel, Charles},
 year={1996},
 publisher={John Wiley $\&$ Sons},
 edition={7}
}

@article{hale973optical,
author = {Hale, George M. and Querry, Marvin R.},
doi = {10.1364/ao.12.000555},
issn = {0003-6935},
journal = {Applied Optics},
number = {3},
pages = {555},
pmid = {20125343},
title = {{Optical Constants of Water in the 200-nm to 200-$\mu$m Wavelength Region}},
volume = {12},
year = {1973}
}

@article{noguez2007surface,
author = {Noguez, Cecilia},
journal = {J. Phys. Chem},
number = {111},
pages = {3806--3819},
title = {{Surface Plasmons on Metal Nanoparticles : The Influence of Shape and Physical Environment}},
volume = {100},
year = {2007},
publisher={American Chemical Society}
}


@article{stockman2011nanoplasmonics,
  title={Nanoplasmonics: The physics behind the applications},
  author={Stockman, Mark I},
  journal={Phys. Today},
  volume={64},
  number={2},
  pages={39--44},
  year={2011}
}

@article{mie1908metallosung,
author = {Mie, Gustav},
doi = {10.1002/andp.19083300302},
isbn = {1521-3889},
issn = {15213889},
journal = {Annalen der Physik},
mendeley-groups = {Plasmonics/Mie Solution-related papers},
number = {3},
pages = {377--445},
title = {{Beitr\"age zur Optik tr\"uber Medien, speziell kolloidaler Metall\"osungen}},
volume = {330},
year = {1908}
}

@article{horvath2009historic,
author = {Horvath, Helmuth},
doi = {10.1016/j.jqsrt.2009.02.022},
isbn = {0022-4073},
issn = {00224073},
journal = {Journal of Quantitative Spectroscopy and Radiative Transfer},
keywords = {Absorption,Mie theory,Polarization,Scattering},
number = {11},
pages = {787--799},
title = {{Gustav Mie and the scattering and absorption of light by particles: Historic developments and basics}},
volume = {110},
year = {2009}
}

@article{johnson1972constants,
  title={Optical constants of the noble metals},
  author={Johnson, Peter B and Christy, R W},
  journal={Physical review B},
  volume={6},
  number={12},
  pages={4370},
  year={1972},
  publisher={APS}
}



@phdthesis{aizpurua1998coupling,
  title={Coupling of electrons and electromagnetic surface modes in scanning transmission electron microscopy},
  author={Aizpurua, J.},
  year={1998},
  school={Universidad de Pa\'is Vasco},
  address ={Pa\'is Vasco, Espa\~na}
}

@inbook{hermans2011waterappendices,
	location = {Dordrecht},
	title = {Appendices: Mathematical Methods},
	isbn = {978-94-007-0095-6 978-94-007-0096-3},
	pages = {155--164},
	booktitle = {Water Waves and Ship Hydrodynamics},
	publisher = {Springer Netherlands},
	author = {Hermans, A. J.},
	year = {2011}
}


@article{newton1976optical,
	title = {Optical theorem and beyond},
	volume = {44},
	issn = {0002-9505, 1943-2909},
	url = {http://aapt.scitation.org/doi/10.1119/1.10324},
	doi = {10.1119/1.10324},
	pages = {639--642},
	number = {7},
	journal = {American Journal of Physics},
	author = {Newton, Roger G.},
	urldate = {2020-12-04},
	year = {1976}
}


@article{krasavin2018generalization,
	title = {Generalization of the optical theorem: experimental proof for radially polarized beams},
	volume = {7},
	issn = {2047-7538},
	url = {http://www.nature.com/articles/s41377-018-0025-x},
	doi = {10.1038/s41377-018-0025-x},
	pages = {36},
	number = {1},
	journal = {Light: Science \& Applications},
	author = {Krasavin, Alexey V. and Segovia, Paulina and Dubrovka, Rostyslav and Olivier, Nicolas and Wurtz, Gregory A. and Ginzburg, Pavel and Zayats, Anatoly V.},
	date = {2018-12}
}


@article{strutt1871On,
	title = {{XV}. {O}n the light from the sky, its polarization and colour}},
	volume = {41},
	issn = {1941-5982, 1941-5990},
	url = {https://www.tandfonline.com/doi/full/10.1080/14786447108640452},
	doi = {10.1080/14786447108640452},
	pages = {107--120},
	number = {271},
	journal = {The London, Edinburgh, and Dublin Philosophical Magazine and Journal of Science},
	author = {Strutt, J.W.},
	date = {1871-02}
}
