@article{turk2015,
  title={Turkevich in new robes: key questions answered for the most common gold nanoparticle synthesis},
  author={Wuithschick, Maria and Birnbaum, Alexander and Witte, Steffen and Sztucki, Michael and Vainio, Ulla and Pinna, Nicola and Rademann, Klaus and Emmerling, Franziska and Kraehnert, Ralph and Polte, JoÌˆrg},
  journal={ACS nano},
  volume={9},
  number={7},
  pages={7052--7071},
  year={2015},
  publisher={ACS Publications}
}
@book{bohren,
  title={Absorption and scattering of light by small particles},
  author={Bohren, Craig F and Huffman, Donald R},
  year={2008},
  publisher={John Wiley \& Sons}
}
@article{JC1972,
  title={Optical constants of the noble metals},
  author={Johnson, Peter B and Christy, R-W\_},
  journal={Physical review B},
  volume={6},
  number={12},
  pages={4370},
  year={1972},
  publisher={APS}
}